<?xml version="1.0" encoding="UTF-8"?><collection xmlns="http://www.loc.gov/MARC21/slim"><record><leader>00507nam--2200181-i-4500</leader><controlfield tag="001">000000012</controlfield><controlfield tag="002">20161230</controlfield><controlfield tag="005">20170117105550</controlfield><controlfield tag="008">060222s1000------------r-----000-0-ger-d</controlfield><datafield ind1=" " ind2=" " tag="040"><subfield code="a">IFIN-HH</subfield></datafield><datafield ind1=" " ind2=" " tag="041"><subfield code="a">ger</subfield></datafield><datafield ind1=" " ind2=" " tag="080"><subfield code="a">538.915:546.882(043)</subfield></datafield><datafield ind1="1" ind2=" " tag="100"><subfield code="a">Frodl, Peter</subfield></datafield><datafield ind1="1" ind2="0" tag="245"><subfield code="a">Zur effectiven wechselwirkung zweiter wasserstoffzentren in niob</subfield><subfield code="b">Dissertation</subfield><subfield code="c">Peter Frodl</subfield></datafield><datafield ind1=" " ind2=" " tag="260"><subfield code="a">Tubingen</subfield><subfield code="b">Fakultat Fur Physik</subfield><subfield code="c">1988</subfield></datafield><datafield ind1=" " ind2=" " tag="300"><subfield code="a">143P</subfield></datafield><datafield ind1=" " ind2=" " tag="852"><subfield code="a">78735</subfield><subfield code="c">539.2</subfield></datafield><datafield ind1=" " ind2=" " tag="CAT"><subfield code="a">SYS</subfield><subfield code="c">20170117</subfield><subfield code="h">105550</subfield></datafield></record></collection>